<record><leader>00000cas a22000007a 4500</leader><controlfield tag="001">15466779</controlfield><controlfield tag="008">870331d19231927inuwr ne      0    0eng d</controlfield><datafield ind1=" " ind2=" " tag="010"><subfield code="a">sn 87055817 </subfield></datafield><datafield ind1=" " ind2=" " tag="040"><subfield code="a">NPI</subfield><subfield code="b">eng</subfield><subfield code="c">NPI</subfield><subfield code="d">OCLCQ</subfield></datafield><datafield ind1=" " ind2=" " tag="042"><subfield code="a">msc</subfield></datafield><datafield ind1="0" ind2=" " tag="130"><subfield code="a">Mentone gazette (Mentone, Ind. : 1923)</subfield></datafield><datafield ind1="1" ind2="0" tag="245"><subfield code="a">Mentone gazette.</subfield></datafield><datafield ind1=" " ind2=" " tag="260"><subfield code="a">Mentone, Ind. :</subfield><subfield code="b">Claude Taylor,</subfield><subfield code="c">1923-1927.</subfield></datafield><datafield ind1=" " ind2=" " tag="310"><subfield code="a">Weekly</subfield></datafield><datafield ind1="0" ind2=" " tag="362"><subfield code="a">Vol. 40, no. 25 (June 21, 1923)-v. 45, no. 8 (Sept. 21, 1927).</subfield></datafield><datafield ind1=" " ind2=" " tag="500"><subfield code="a">Published at Akron, Ind., Aug. 1926-Sept. 21, 1927.</subfield></datafield><datafield ind1=" " ind2=" " tag="752"><subfield code="a">United States</subfield><subfield code="b">Indiana</subfield><subfield code="c">Kosciusko</subfield><subfield code="d">Mentone.</subfield></datafield><datafield ind1=" " ind2=" " tag="752"><subfield code="a">United States</subfield><subfield code="b">Indiana</subfield><subfield code="c">Fulton</subfield><subfield code="d">Akron.</subfield></datafield><datafield ind1="0" ind2="0" tag="780"><subfield code="t">Tri-county gazette</subfield><subfield code="w">(DLC)sn 86063063</subfield><subfield code="w">(OCoLC)13105147</subfield></datafield><datafield ind1="0" ind2="0" tag="785"><subfield code="t">Warsaw union (Warsaw, Ind. : Daily)</subfield><subfield code="w">(DLC)sn 87055788</subfield></datafield></record>